<record xmlns="http://www.loc.gov/MARC21/slim" xmlns:xsi="http://www.w3.org/2001/XMLSchema-instance" xsi:schemaLocation="http://www.loc.gov/MARC21/slim http://www.loc.gov/standards/marcxml/schema/MARC21slim.xsd"><leader>     nam a22        4500</leader><controlfield tag="001">3071265</controlfield><controlfield tag="003">NNC</controlfield><controlfield tag="006">m        d        </controlfield><controlfield tag="007">cr cn |||m|||a</controlfield><controlfield tag="008">150313s1938    ua      o     000 0 ara d</controlfield><datafield ind1=" " ind2=" " tag="040"><subfield code="a">NNU</subfield><subfield code="b">eng</subfield><subfield code="c">NNU</subfield></datafield><datafield ind1=" " ind2="4" tag="050"><subfield code="a">B751</subfield><subfield code="b">.N3 1938</subfield></datafield><datafield ind1="0" ind2=" " tag="100"><subfield code="6">880-01</subfield><subfield code="a">Avicenna,</subfield><subfield code="d">980-1037.</subfield></datafield><datafield ind1="1" ind2="0" tag="240"><subfield code="6">880-02</subfield><subfield code="a">Naja&#772;h.</subfield><subfield code="f">1938</subfield></datafield><datafield ind1="1" ind2="3" tag="245"><subfield code="6">880-03</subfield><subfield code="a">al-Naja&#772;h fi&#772; al-h&#803;ikmah al-mant&#803;iqi&#772;yah wa-al-t&#803;abi&#772;&#699;i&#772;yah wa-al-ila&#772;hi&#772;yah</subfield><subfield code="h">[electronic resource] /</subfield><subfield code="c">li-Abi&#772; &#699;Ali&#772; al-H&#803;usayn ibn Si&#772;na&#772;.</subfield></datafield><datafield ind1=" " ind2=" " tag="250"><subfield code="6">880-04</subfield><subfield code="a">al-T&#803;ab&#699;ah 2.</subfield></datafield><datafield ind1=" " ind2=" " tag="260"><subfield code="6">880-05</subfield><subfield code="a">[Cairo] :</subfield><subfield code="b">Muh&#803;yi&#772; al-Di&#772;n S&#803;abri&#772; al-Kurdi&#772;,</subfield><subfield code="c">1938.</subfield></datafield><datafield ind1=" " ind2=" " tag="300"><subfield code="a">online resource (312 p.)</subfield></datafield><datafield ind1=" " ind2=" " tag="500"><subfield code="6">880-06</subfield><subfield code="a">"Wa-huwa al-sifr al-waji&#772;z al-mabna&#769; al-kabi&#772;r al-ma&#699;na&#769; alladhi&#772; iqtat&#803;afahu dha&#772;likum al-h&#803;aki&#772;m al-t&#803;a&#772;&#700;ir al-s&#803;i&#772;t min kita&#772;bihi al-ma&#699;ru&#772;f bi-al-Shifa&#772;&#700;."</subfield></datafield><datafield ind1=" " ind2=" " tag="500"><subfield code="a">Part of the Arabic Collections Online (ACO) project, contributed by Columbia University Libraries.</subfield></datafield><datafield ind1=" " ind2=" " tag="533"><subfield code="a">Electronic reproduction.</subfield><subfield code="b">New York, N.Y. :</subfield><subfield code="c">New York University,</subfield><subfield code="d">2015.</subfield><subfield code="5">NNU</subfield></datafield><datafield ind1=" " ind2="0" tag="650"><subfield code="a">God (Islam)</subfield><subfield code="v">Early works to 1800.</subfield></datafield><datafield ind1=" " ind2="0" tag="650"><subfield code="a">Logic</subfield><subfield code="v">Early works to 1800.</subfield></datafield><datafield ind1=" " ind2="0" tag="650"><subfield code="a">Philosophy, Arab.</subfield></datafield><datafield ind1=" " ind2="0" tag="650"><subfield code="a">Islam</subfield><subfield code="x">Doctrines</subfield><subfield code="v">Early works to 1800.</subfield></datafield><datafield ind1=" " ind2="7" tag="650"><subfield code="a">God (Islam)</subfield><subfield code="2">fast</subfield><subfield code="0">(OCoLC)fst00944142</subfield></datafield><datafield ind1=" " ind2="7" tag="650"><subfield code="a">Islam</subfield><subfield code="x">Doctrines.</subfield><subfield code="2">fast</subfield><subfield code="0">(OCoLC)fst00979787</subfield></datafield><datafield ind1=" " ind2="7" tag="650"><subfield code="a">Logic.</subfield><subfield code="2">fast</subfield><subfield code="0">(OCoLC)fst01002014</subfield></datafield><datafield ind1=" " ind2="7" tag="650"><subfield code="a">Philosophy, Arab.</subfield><subfield code="2">fast</subfield><subfield code="0">(OCoLC)fst01060873</subfield></datafield><datafield ind1=" " ind2="7" tag="655"><subfield code="a">Early works.</subfield><subfield code="2">fast</subfield><subfield code="0">(OCoLC)fst01411636</subfield></datafield><datafield ind1="2" ind2=" " tag="710"><subfield code="a">Columbia University.</subfield><subfield code="b">Libraries.</subfield></datafield><datafield ind1="0" ind2=" " tag="730"><subfield code="a">Arabic Collections Online.</subfield></datafield><datafield ind1="0" ind2="8" tag="776"><subfield code="i">Online version:</subfield><subfield code="a">Avicenna, 980-1037.</subfield><subfield code="s">Naja&#772;h. 1938.</subfield><subfield code="t">Naja&#772;h fi&#772; al-h&#803;ikmah al-mant&#803;iqi&#772;yah wa-al-t&#803;abi&#772;&#699;i&#772;yah wa-al-ila&#772;hi&#772;yah.</subfield><subfield code="b">al-T&#803;ab&#699;ah 2.</subfield><subfield code="d">[Cairo] : Muh&#803;yi&#772; al-Di&#772;n S&#803;abri&#772; al-Kurdi&#772;, 1938</subfield><subfield code="w">(OCoLC)654323009</subfield></datafield><datafield ind1="0" ind2="8" tag="776"><subfield code="i">Print version:</subfield><subfield code="a">Avicenna, 980-1037.</subfield><subfield code="t">al-Naja&#772;h fi&#772; al-h&#803;ikmah al-mant&#803;iqi&#772;yah wa-al-t&#803;abi&#772;&#699;i&#772;yah wa-al-ila&#772;hi&#772;yah</subfield><subfield code="w">(NNC)3071265</subfield><subfield code="w">(OCoLC)123337973</subfield></datafield><datafield ind1="4" ind2="0" tag="856"><subfield code="u">http://hdl.handle.net/2333.1/pc866wh4</subfield></datafield><datafield ind1="0" ind2=" " tag="880"><subfield code="6">100-01/r</subfield><subfield code="a">&#1575;&#1576;&#1606; &#1587;&#1610;&#1606;&#1575;.</subfield></datafield><datafield ind1="1" ind2="0" tag="880"><subfield code="6">240-02/r</subfield><subfield code="a">&#1606;&#1580;&#1575;&#1577;.</subfield><subfield code="f">1938.</subfield></datafield><datafield ind1="1" ind2="2" tag="880"><subfield code="6">245-03/r</subfield><subfield code="a">&#1575;&#1604;&#1606;&#1580;&#1575;&#1577; &#1601;&#1610; &#1575;&#1604;&#1581;&#1603;&#1605;&#1577; &#1575;&#1604;&#1605;&#1606;&#1591;&#1602;&#1610;&#1577; &#1608;&#1575;&#1604;&#1591;&#1576;&#1610;&#1593;&#1610;&#1577; &#1608;&#1575;&#1604;&#1575;&#1604;&#1607;&#1610;&#1577; /</subfield><subfield code="c">&#1604;&#1575;&#1576;&#1610; &#1593;&#1604;&#1610; &#1575;&#1604;&#1581;&#1587;&#1610;&#1606; &#1576;&#1606; &#1587;&#1610;&#1606;&#1575;.</subfield></datafield><datafield ind1=" " ind2=" " tag="880"><subfield code="6">250-04/r</subfield><subfield code="a">&#1575;&#1604;&#1591;&#1576;&#1593;&#1577; 2.</subfield></datafield><datafield ind1=" " ind2=" " tag="880"><subfield code="6">260-05/r</subfield><subfield code="a">[&#1575;&#1604;&#1602;&#1575;&#1607;&#1585;&#1577;] :</subfield><subfield code="b">&#1605;&#1581;&#1610;&#1610; &#1575;&#1604;&#1583;&#1610;&#1606; &#1589;&#1576;&#1585;&#1610; &#1575;&#1604;&#1603;&#1585;&#1583;&#1610;&#1548;</subfield><subfield code="c">1938.</subfield></datafield><datafield ind1=" " ind2=" " tag="880"><subfield code="6">500-06/r</subfield><subfield code="a">"&#1608;&#1607;&#1608; &#1575;&#1604;&#1587;&#1601;&#1585; &#1575;&#1604;&#1608;&#1580;&#1610;&#1586; &#1575;&#1604;&#1605;&#1576;&#1606;&#1609; &#1575;&#1604;&#1603;&#1576;&#1610;&#1585; &#1575;&#1604;&#1605;&#1593;&#1606;&#1609; &#1575;&#1604;&#1584;&#1610; &#1575;&#1602;&#1578;&#1591;&#1601;&#1607; &#1584;&#1604;&#1603;&#1605; &#1575;&#1604;&#1581;&#1603;&#1610;&#1605; &#1575;&#1604;&#1591;&#1575;&#1574;&#1585; &#1575;&#1604;&#1589;&#1610;&#1578; &#1605;&#1606; &#1603;&#1578;&#1575;&#1576;&#1607; &#1575;&#1604;&#1605;&#1593;&#1585;&#1608;&#1601; &#1576;&#1575;&#1604;&#1588;&#1601;&#1575;&#1569;."</subfield></datafield><datafield ind1=" " ind2=" " tag="959"><subfield code="a">NNU</subfield><subfield code="b">WEB</subfield><subfield code="c">GENI</subfield><subfield code="t">0</subfield><subfield code="m">Electronic access</subfield><subfield code="s">01</subfield></datafield><datafield ind1=" " ind2=" " tag="999"><subfield code="i">NNC_3071265</subfield><subfield code="o">(OCoLC)ocn123337973</subfield><subfield code="s">columbia_aco000429</subfield></datafield></record>